@string{PNAS="Proceedings of the National Academy of Sciences"}

@article{van-veelen:PNAS:2012,
	Author = {van Veelen, M. and Garc{\'\i}a, J. and Rand, D. G. and Nowak, M. A.},
	Journal = {Proceedings of the National Academy of Sciences USA},
	Pages = {9929--9934},
	Title = {Direct reciprocity in structured populations},
	Volume = {109},
	Year = {2012}}
	
@article{wilson2014best,
  title={Best practices for scientific computing},
  author={Wilson, Greg and Aruliah, DA and Brown, C Titus and Hong, Neil P Chue and Davis, Matt and Guy, Richard T and Haddock, Steven HD and Huff, Kathryn D and Mitchell, Ian M and Plumbley, Mark D and others},
  journal={PLoS Biology},
  volume={12},
  number={1},
  pages={e1001745},
  year={2014},
  publisher={Public Library of Science}
}

@article{garcia:PLoSOne:2012,
	Author = {Garc{\'\i}a, J. AND Traulsen, A.},
	Journal = {PLoS One},
	Pages = {e35287},
	Title = {The Structure of Mutations and the Evolution of Cooperation},
	Volume = {7},
	Year = {2012}}

@article{imhof:PNAS:2005,
	Author = {Imhof, L. A. AND Fudenberg, D. AND Nowak, M. A.},
	Journal = {Proceedings of the National Academy of Sciences USA},
	Pages = {10797--10800},
	Title = {Evolutionary cycles of cooperation and defection.},
	Volume = {102},
	Year = {2005}}

@article{axelrod:Science:1981,
	Author = {Axelrod, R. and Hamilton, W. D.},
	Journal = {Science},
	Pages = {1390-1396},
	Title = {The Evolution of Cooperation},
	Volume = {211},
	Year = {1981}}

@article{eshel:PNAS:1982,
	Author = {Eshel, I. and Cavalli-Sforza, L. L.},
	Journal = {Proceedings of the National Academy of Sciences USA},
	Pages = {1331 -- 1335},
	Title = {Assortment of encounters and evolution of cooperativeness},
	Volume = {79},
	Year = {1982}}

@book{maynard-smith:book:1982,
	Author = {Maynard Smith, J.},
	Publisher = {Cambridge University Press, Cambridge},
	Title = {Evolution and the Theory of Games},
	Year = {1982}}

@article{fogel1993evolving,
  title={Evolving behaviors in the iterated prisoner's dilemma},
  author={Fogel, David B},
  journal={Evolutionary Computation},
  volume={1},
  number={1},
  pages={77--97},
  year={1993},
  publisher={MIT Press}
}

@book{Axelrod1997,
	author=	{R. Axelrod},
	title=		{The Complexity of Cooperation},
	publisher=	{Princeton University Press},
	year=		{1997},
	address=	{Princeton}
}

@inbook{Axelrod1997pg15,
	author=	{R. Axelrod},
	title=		{The Complexity of Cooperation},
	publisher=	{Princeton University Press},
	year=		{1997},
	address=	{Princeton},
	pages=		{15}
}

@book{Axelrod1984,
	author=	{R. Axelrod},
	title=		{The Evolution of Cooperation},
	publisher=	{Basic Books},
	year=		{1984},
	address=	{New York}
}

@book{Sipser2006,
	author=	{M. Sipser},
	title=		{Introduction to the Theory of Computation, Second Edition},
	publisher=	{Course Technology},
	year=		{2006},
	address=	{Boston}
}

@Article{PER-GRA:2007,
  Author    = {P\'erez, Fernando and Granger, Brian E.},
  Title     = {{IP}ython: a System for Interactive Scientific Computing},
  Journal   = {Computing in Science and Engineering},
  Volume    = {9},
  Number    = {3},
  Pages     = {21--29},
  month     = may,
  year      = 2007,
  url       = "http://ipython.org",
  ISSN      = "1521-9615",
  doi       = {10.1109/MCSE.2007.53},
  publisher = {IEEE Computer Society},
}

@book{koza,
  title={A field guide to genetic programming},
  author={Poli, Riccardo and Langdon, William B and McPhee, Nicholas F},
  year={2008},
  publisher={Lulu Enterprises},
  address= {UK}
}

@article{moran1962statistical,
  title={The statistical processes of evolutionary theory.},
  author={Moran, Patrick Alfred Pierce and others},
  journal={The statistical processes of evolutionary theory.},
  year={1962},
  publisher={Clarendon Press; Oxford University Press.}
}

@article{McNamara2013,
	author=	{J. M. McNamara},
	title=		{Towards a richer evolutionary game theory},
	journal=	{Journal of the Royal Society Interface},
	volume=	{10},
	pages=	{20130544},
	year=		{2013}
}

@article{Samuelson2002,
	author=	{L. Samuelson},
	title=		{Evolution and Game Theory},
	journal=	{Journal of Economic Perspectives},
	volume=	{16},
	pages=	{47-66},
	year=		{2002}
}

@article{Axelrod1986,
	author=	{R. Axelrod},
	title=		{An Evolutionary Approach to Norms},
	journal=	{The American Political Science Review},
	volume=	{80},
	pages=	{1095-1111},
	year=		{1986}
}

@article{Fischer2013,
	author=	{I. Fischer and A. Frid and S. J. Goerg and S. A. Levin and D. I. Rubenstein and R. Selten},
	title=		{Fusing enacted and expected mimicry generates a winning strategy that promotes the evolution of cooperation},
	journal=	PNAS,
	volume=	{110},
	pages=	{10229-10233},
	year=		{2013}
}

@article{nowak:Science:2006,
  title={Five rules for the evolution of cooperation},
  author={Nowak, Martin A},
  journal={Science},
  volume={314},
  number={5805},
  pages={1560--1563},
  year={2006},
  publisher={American Association for the Advancement of Science}
}
	
@inproceedings{lindgren1992evolutionary,
  title={Evolutionary phenomena in simple dynamics},
  author={Lindgren, Kristian},
  booktitle={Artificial life II},
  pages={295--312},
  year={1992}
}

@article{bergstrom2003algebra,
  title={The algebra of assortative encounters and the evolution of cooperation},
  author={Bergstrom, Theodore C},
  journal={International Game Theory Review},
  volume={5},
  number={03},
  pages={211--228},
  year={2003},
  publisher={World Scientific}
}

@article{boyd1987no,
  title={No pure strategy is evolutionarily stable in the repeated Prisoner's Dilemma game},
  author={Boyd, Robert and Lorberbaum, Jeffrey P},
  journal={Nature},
  volume={327},
  pages={58--59},
  year={1987}
}

@article{press2012iterated,
  title={Iterated Prisonerâ€™s Dilemma contains strategies that dominate any evolutionary opponent},
  author={Press, William H and Dyson, Freeman J},
  journal={Proceedings of the National Academy of Sciences},
  volume={109},
  number={26},
  pages={10409--10413},
  year={2012},
  publisher={National Acad Sciences}
}

@article{adami2013evolutionary,
  title={Evolutionary instability of zero-determinant strategies demonstrates that winning is not everything},
  author={Adami, Christoph and Hintze, Arend},
  journal={Nature communications},
  volume={4},
  number={2193},
  year={2013},
  publisher={Nature Publishing Group}
}

@article{pennisi2005did,
  title={How did cooperative behavior evolve?},
  author={Pennisi, Elizabeth},
  journal={Science},
  volume={309},
  number={5731},
  pages={93--93},
  year={2005},
  publisher={American Association for the Advancement of Science}
}

@book{dawkins2006selfish,
  author={Dawkins, R},
  title={The selfish gene},
  publisher={Oxford University Press},
  year={1989},
  address={New York} 
}

@article{hamilton1964genetical,
  title={The genetical evolution of social behaviour. I},
  author={Hamilton, William D},
  journal={Journal of theoretical biology},
  volume={7},
  number={1},
  pages={1--16},
  year={1964},
  publisher={Elsevier}
}

@article{traulsen2010mathematics,
  title={MATHEMATICS OF KIN-AND GROUP-SELECTION: FORMALLY EQUIVALENT?},
  author={Traulsen, Arne},
  journal={Evolution},
  volume={64},
  number={2},
  pages={316--323},
  year={2010},
  publisher={Wiley Online Library}
}

@article{axelrod1987evolution,
  title={The evolution of strategies in the iterated prisoner's dilemma},
  author={Axelrod, R},
  journal={Genetic Algorithms and Simulated Annealing},
  pages={32--41},
  year={1987},
  publisher={Morgan Kaufmann Publishers}
}

@article{miller1996coevolution,
  title={The coevolution of automata in the repeated prisoner's dilemma},
  author={Miller, John H},
  journal={Journal of Economic Behavior \& Organization},
  volume={29},
  number={1},
  pages={87--112},
  year={1996},
  publisher={Elsevier}
}

@techreport{van2010and,
  title={In and out of equilibrium: Evolution of strategies in repeated games with discounting},
  author={van Veelen, Matthijs and Garc{\'\i}a, Juli{\'a}n},
  year={2010},
  institution={Tinbergen Institute Discussion Paper}
}

@article{nowak1998dynamics,
  title={The dynamics of indirect reciprocity},
  author={Nowak, Martin A and Sigmund, Karl},
  journal={Journal of theoretical Biology},
  volume={194},
  number={4},
  pages={561--574},
  year={1998},
  publisher={Elsevier}
}

@inproceedings{rodger2009increasing,
  title={Increasing engagement in automata theory with JFLAP},
  author={Rodger, Susan H and Wiebe, Eric and Lee, Kyung Min and Morgan, Chris and Omar, Kareem and Su, Jonathan},
  booktitle={ACM SIGCSE Bulletin},
  volume={41},
  number={1},
  pages={403--407},
  year={2009},
  organization={ACM}
}
@misc{JFLAP,
  title = {JFLAP},
  howpublished = {http://www.jflap.org},
  note = {Accessed: 2014-10-28},
  year = 2008
}

@misc{cluster,
  title = {MCC},
  howpublished = {https://confluence-vre.its.monash.edu.au/display/MCC/},
  note = {Accessed: 2014-11-12},
  year = 2013
}

@misc{jggit,
  title = {Repeated Games FSA},
  howpublished = {https://github.com/juliangarcia/repeated\_games\_fsa},
  author = {Julian Garcia},
  note = {Accessed: 2014-11-12},
  year = 2014
}

@misc{dynamo, 
  title = {Dynamo: Diagrams for Evolutionary Game Dynamics},
  howpublished = {http://www.ssc.wisc.edu/~whs/dynamo/},
  author = {Sandholm, Dokumaci, Franchetti},
  note = {Accessed: 2014-11-12},
  year = 2014
}

@book{nowak2006evolutionary63,
  title={Evolutionary dynamics},
  author={Nowak, Martin A},
  year={2006},
  publisher={Harvard University Press},
  pages=63
}

@article{ohtsuki2006simple,
  title={A simple rule for the evolution of cooperation on graphs and social networks},
  author={Ohtsuki, Hisashi and Hauert, Christoph and Lieberman, Erez and Nowak, Martin A},
  journal={Nature},
  volume={441},
  number={7092},
  pages={502--505},
  year={2006},
  publisher={Nature Publishing Group}
}

@article{aumann1995backward,
  title={Backward induction and common knowledge of rationality},
  author={Aumann, Robert J},
  journal={Games and Economic Behavior},
  volume={8},
  number={1},
  pages={6--19},
  year={1995},
  publisher={Elsevier}
}

@book{back1997handbook,
  title={Handbook of evolutionary computation},
  author={Back, Thomas and Fogel, David B and Michalewicz, Zbigniew},
  year={1997},
  publisher={IOP Publishing Ltd.}
}


@book{weibull1997evolutionary,
  title={Evolutionary game theory},
  author={Weibull, J{\"o}rgen W},
  year={1997},
  publisher={MIT press}
}

@article{robert1992primer,
  title={A primer in game theory},
  author={Robert, Gibbons},
  journal={FT Prentice Hall Publisher, London},
  year={1992}
}

@book{fogel2006evolutionary,
  title={Evolutionary computation: toward a new philosophy of machine intelligence},
  author={Fogel, David B},
  volume={1},
  year={2006},
  publisher={John Wiley \& Sons}
}

@book{hofbauer1998evolutionary,
  title={Evolutionary games and population dynamics},
  author={Hofbauer, Josef and Sigmund, Karl},
  year={1998},
  publisher={Cambridge University Press}
}

@book{binmore2007playing,
  title={Playing for real: a text on game theory Oxford},
  author={Binmore, Ken},
  year={2007},
  publisher={UK: Oxford University Press}
}
@MISC{Gnuplot_4.4, 
 author = {Thomas Williams and Colin Kelley and {many others}}, 
 title = {Gnuplot 4.4: an interactive plotting program}, 
 month = {March}, 
 year = {2010}, 
 howpublished={{http://gnuplot.sourceforge.net/}}
} 

@book{hartl1997principles,
  title={Principles of population genetics},
  author={Hartl, Daniel L and Clark, Andrew G and others},
  volume={116},
  year={1997},
  publisher={Sinauer associates Sunderland}
}


